<record><leader>00000cas a2200000 a 4500</leader><controlfield tag="001">14353106</controlfield><controlfield tag="008">861007d18351836lauwr ne      0    0eng c</controlfield><datafield ind1=" " ind2=" " tag="010"><subfield code="a">sn 86053758 </subfield></datafield><datafield ind1=" " ind2=" " tag="040"><subfield code="a">NPX</subfield><subfield code="b">eng</subfield><subfield code="c">NPX</subfield><subfield code="d">PPM</subfield><subfield code="d">LNP</subfield><subfield code="d">CNK</subfield><subfield code="d">LNP</subfield><subfield code="d">IXA</subfield><subfield code="d">UKMGB</subfield><subfield code="d">OCLCQ</subfield><subfield code="d">OCLCF</subfield><subfield code="d">OCLCO</subfield><subfield code="d">OCLCA</subfield></datafield><datafield ind1="7" ind2=" " tag="016"><subfield code="a">013938525</subfield><subfield code="2">Uk</subfield></datafield><datafield ind1="1" ind2=" " tag="029"><subfield code="a">AU@</subfield><subfield code="b">000020424389</subfield></datafield><datafield ind1="0" ind2=" " tag="041"><subfield code="a">spa</subfield><subfield code="a">fre</subfield><subfield code="a">eng</subfield></datafield><datafield ind1=" " ind2=" " tag="042"><subfield code="a">pcc</subfield></datafield><datafield ind1=" " ind2=" " tag="043"><subfield code="a">n-us-la</subfield><subfield code="a">n-mx---</subfield></datafield><datafield ind1="0" ind2="3" tag="245"><subfield code="a">El correo atla&#769;ntico.</subfield></datafield><datafield ind1=" " ind2=" " tag="260"><subfield code="a">Me&#769;xico :</subfield><subfield code="b">Miguel Gonza&#769;lez,</subfield><subfield code="c">1835-1836.</subfield></datafield><datafield ind1=" " ind2=" " tag="300"><subfield code="a">1 v.</subfield></datafield><datafield ind1=" " ind2=" " tag="310"><subfield code="a">Weekly,</subfield><subfield code="b">Feb. 29-Aug. 15, 1836</subfield></datafield><datafield ind1=" " ind2=" " tag="321"><subfield code="a">Semiweekly,</subfield><subfield code="b">Apr. 1-June 24, 1835</subfield></datafield><datafield ind1="0" ind2=" " tag="362"><subfield code="a">Vol. 1, no. 1 (2 mayo 1835)-v. 1, no. 41 (15 agosto 1836).</subfield></datafield><datafield ind1=" " ind2=" " tag="500"><subfield code="a">"Perio&#769;dico poli&#769;glota: comercial, poli&#769;tico y literario."</subfield></datafield><datafield ind1=" " ind2=" " tag="500"><subfield code="a">Published in Mexico City, Mexico, 1835; in New Orleans, La., 1836.</subfield></datafield><datafield ind1=" " ind2=" " tag="500"><subfield code="a">Printers: Ignacio Cumplido, 1835; J.A. Gaux &amp; Co., 1836.</subfield></datafield><datafield ind1=" " ind2=" " tag="515"><subfield code="a">Vol. 1, no. 1 preceded by an introductory issue: Apr. 1, 1835.</subfield></datafield><datafield ind1=" " ind2=" " tag="515"><subfield code="a">Suspended with June 24, 1835 issue; resumed with Feb. 29, 1836 issue.</subfield></datafield><datafield ind1=" " ind2=" " tag="546"><subfield code="a">In English, French and Spanish; prospectus also in German and Italian.</subfield></datafield><datafield ind1=" " ind2="0" tag="650"><subfield code="a">Hispanic Americans</subfield><subfield code="z">Louisiana</subfield><subfield code="z">New Orleans</subfield><subfield code="v">Newspapers.</subfield></datafield><datafield ind1=" " ind2="0" tag="651"><subfield code="a">Mexico City (Mexico)</subfield><subfield code="v">Newspapers.</subfield></datafield><datafield ind1=" " ind2="0" tag="651"><subfield code="a">New Orleans (La.)</subfield><subfield code="v">Newspapers.</subfield></datafield><datafield ind1=" " ind2="7" tag="655"><subfield code="a">Newspapers.</subfield><subfield code="2">fast</subfield><subfield code="0">(OCoLC)fst01423814</subfield></datafield><datafield ind1=" " ind2="7" tag="650"><subfield code="a">Hispanic Americans.</subfield><subfield code="2">fast</subfield><subfield code="0">(OCoLC)fst00957523</subfield></datafield><datafield ind1=" " ind2="7" tag="651"><subfield code="a">Louisiana</subfield><subfield code="z">New Orleans.</subfield><subfield code="2">fast</subfield><subfield code="0">(OCoLC)fst01204311</subfield></datafield><datafield ind1=" " ind2="7" tag="651"><subfield code="a">Mexico</subfield><subfield code="z">Mexico City.</subfield><subfield code="2">fast</subfield><subfield code="0">(OCoLC)fst01206137</subfield></datafield><datafield ind1=" " ind2=" " tag="752"><subfield code="a">United States</subfield><subfield code="b">Louisiana</subfield><subfield code="c">Orleans</subfield><subfield code="d">New Orleans.</subfield></datafield><datafield ind1=" " ind2=" " tag="752"><subfield code="a">Mexico</subfield><subfield code="d">Mexico City.</subfield></datafield><datafield ind1="1" ind2=" " tag="776"><subfield code="c">Microfilm</subfield><subfield code="d">Nettie Lee Benson Latin American Collection, General Libraries, University of Texas at Austin</subfield><subfield code="w">(DLC)  2003241284</subfield><subfield code="w">(OCoLC)53114039</subfield></datafield></record>